3017 4992
485 797 562 884 10.
593 795 800 882 IACOBI
828 797 1053 882 REISKE

750 975 786 1008 AB

573 1083 957 1153 ANNDTATIONES

239 1401 243 1410 ¹
308 1209 512 1346 'sUAs
552 1241 1197 1363 DEMosTflnchs,

725 1451 758 1484 ΒΤ
775 1449 811 1482 AD

517 1544 700 1612 SYLVAM
722 1543 1020 1612 VARIANTIUM

754 1701 784 1734 nt

287 1806 449 1884 LlBRlS
487 1809 904 1888 DEMOSTHENICIS
942 1807 1256 1914 LECTIONUM,

582 1969 953 2054 PRAEFATIO.

227 2157 275 2206 Jos
286 2161 311 2204 et
319 2157 354 2204 t'ee
362 2157 442 2219 utique
453 2157 538 2216 ineret,
545 2174 612 2222 eeqne
622 2159 705 2218 leotor,
716 2159 753 2208 his
763 2160 832 2207 modo
843 2157 955 2207 eheolntie
965 2157 1089 2208 Wollisnis
1099 2165 1169 2220 etque
1177 2152 1313 2217 Teyloeenis

198 2231 205 2252 ⁶
227 2248 286 2281 eme
298 2234 400 2294 snhjeote
408 2235 523 2296 protinus,
533 2235 638 2298 meisque
649 2235 724 2298 ipsine
735 2235 919 2286 ennotetionihne
929 2235 1049 2297 premisse
1058 2235 1130 2284 inisse
1141 2234 1191 2281 hese
1200 2233 1255 2280 dno.
1287 2235 1313 2280 1.

227 2309 342 2358 'l'onrrelli
352 2310 380 2358 etl
388 2311 510 2373 pleresque
517 2311 659 2374 Philippices
666 2319 690 2360 et
697 2313 727 2360 ed
737 2312 861 2370 pretiosos,
869 2311 965 2360 elteeem
971 2312 1091 2360 AEsohinie
1098 2312 1121 2359 in
1132 2308 1315 2372 ctesiphonten,

227 2400 268 2432 sen
281 2393 360 2434 oontre
370 2403 478 2436 ooronem
491 2387 643 2436 Demostheni
654 2389 829 2446 deoernentlsm
838 2396 863 2436 et
873 2389 968 2436 elterem
982 2387 1139 2437 edverseriem
1149 2381 1315 2434 Demosthenis

226 2477 269 2524 pro
279 2461 429 2524 ctesiphonte
440 2471 464 2510 et
472 2479 516 2526 pro
527 2479 610 2512 oorone
620 2479 662 2512 sne
671 2463 867 2530 (onr'l'onrrellns
881 2464 1005 2513 oretionem
1013 2464 1044 2512 de
1055 2464 1114 2512 mele
1124 2460 1314 2525 gestelegetione

226 2539 410 2606 ennotetionibns
420 2539 549 2588 illuminere
559 2541 654 2604 insuper
661 2541 775 2599 hebuerit,
782 2542 845 2589 henel
856 2539 965 2605 oonstet).
987 2545 1011 2589 2.
1021 2541 1160 2590 Wolhenem
1167 2539 1316 2602 reuqmeress

227 2616 456 2666 Demosthenicum
466 2617 687 2680 interpretetionene.
703 2619 791 2667 Verrem
799 2618 942 2679 prerissimee
949 2633 1024 2666 censen
1033 2617 1118 2665 solenti
1127 2616 1316 2669 interoessernnt,

226 2695 276 2742 heeo
286 2696 361 2757 primo
377 2697 440 2753 loeo,
451 2697 513 2759 qnod
528 2697 714 2745 eetisieoiendorh
729 2698 822 2744 tendens
836 2695 959 2755 eliqnendo
973 2701 1036 2742 esset
1052 2709 1140 2748 eornm,
1152 2707 1211 2754 qnos
1227 2691 1316 2738 ‹lintiu

228 2772 351 2826 sustinere,
362 2787 437 2833 neqne
447 2787 546 2833 eeqnnm,
558 2787 632 2831 neqne
645 2771 775 2825 honestum,
786 2785 860 2830 neqne
871 2769 1004 2816 enonsehile
1018 2769 1110 2824 inisset,
1120 2783 1172 2814 nem
1185 2765 1316 2814 meede·

228 2862 324 2907 prorsus
341 2853 447 2908 nepetnm
464 2846 510 2892 tuit
526 2845 669 2902 eetisieoere,
686 2843 879 2905 tegitetionihm
900 2843 1042 2906 quorundsm
1057 2842 1126 2891 etiem
1143 2841 1315 2902 suspicionibus

228 2929 280 2969 eret
293 2921 467 2980 occurrendum,
480 2921 500 2968 si
517 2921 557 2983 qni
567 2921 641 2976 inere,
657 2918 697 2982 qni
707 2920 859 2968 oessetionem
874 2927 941 2981 etque
956 2919 1089 2968 diletionem
1102 2918 1210 2966 editionis
1222 2924 1316 2966 eenote·

227 2999 314 3046 tionum
332 3012 434 3045 meernm
448 3013 491 3060 pro
504 2995 570 3044 lerre
580 2997 696 3058 jsotentim
710 3002 735 3044 et
752 2995 885 3058 impostore
900 2996 1041 3045 hebnissent.
1072 2995 1144 3056 Equi
1157 3011 1237 3043 ornnes
1252 2994 1315 3043 nitro

227 3075 368 3129 fatebuntur,
379 3072 400 3119 ei
415 3071 476 3120 siem
487 3080 565 3120 tenere
576 3072 671 3129 sellem,
681 3071 719 3119 oui
735 3077 762 3120 nt
774 3073 931 3139 edetringeree
942 3072 967 3119 in
980 3079 1148 3135 propremmete
1163 3073 1230 3119 Anno
1241 3072 1314 3120 1768.

227 3149 299 3205 edito,
310 3147 461 3210 promiserem
474 3163 511 3195 me
525 3153 653 3205 eentnrnm.
664 3148 791 3196 seonndnse
809 3149 988 3196 Demosthenem
1001 3147 1078 3196 soon
1095 3139 1199 3209 reliquos
1210 3152 1315 3195 oretores

227 3227 272 3273 fori
279 3225 352 3273 Attiei
362 3241 407 3273 nno
415 3235 493 3272 tenore
504 3225 576 3272 inisse
588 3225 705 3273 edendos:
716 3226 741 3274 io
748 3225 810 3287 qnod
818 3225 1000 3288 proieotohelitn
1010 3217 1150 3272 ori-'mutet
1159 3239 1204 3271 non
1215 3229 1317 3286 poteret·

227 3305 287 3352 cnm
302 3302 457 3350 Demosthene
473 3301 542 3348 eimnl
553 3302 711 3350 muotetiones
727 3302 827 3348 omnium
841 3315 948 3362 rneesqsoe
959 3300 1023 3357 dere,
1034 3300 1110 3347 textui
1123 3301 1257 3356 snhstretes‚
1267 3313 1316 3346 non

229 3379 319 3426 sinehet
329 3377 435 3440 enpustie
447 3378 531 3424 ehertsn
538 3392 546 3436 ;
562 3392 613 3424 nem
625 3376 661 3424 sio
672 3377 800 3438 esepissime
812 3391 873 3423 senes
883 3376 913 3422 etl
927 3383 1022 3423 ootones
1037 3376 1135 3439 pepinee,
1146 3374 1207 3422 omni
1221 3388 1315 3438 prorsus

228 3471 308 3503 veonee
325 3455 428 3516 oretione
451 3454 631 3502 Demosthenios
647 3453 832 3502 interoeeeissent
849 3453 1010 3514 resolreods23
1025 3469 1078 3516 qne)
1096 3470 1135 3503 ree
1153 3451 1317 3501 molestissime

226 3523 321 3587 'inisset
331 3529 459 3592 presertim
478 3519 656 3576 Demosthenem
672 3529 768 3592 legenti,
780 3532 845 3591 enjus
863 3528 954 3590 periodi
964 3537 1010 3576 tem
1027 3536 1129 3578 urente
1146 3539 1171 3578 et
1180 3539 1226 3578 tem
1238 3527 1316 3593 impli-

230 3614 288 3654 cete
307 3622 352 3654 nno
368 3613 493 3667 oonepeetn
511 3606 653 3668 perlustreri,
671 3613 696 3653 et
715 3622 760 3654 nno
779 3606 860 3668 spirito
876 3604 966 3666 perlegi
983 3607 1071 3655 volnnt.
1104 3608 1273 3655 Demosthenes
1290 3606 1328 3667 in,

230 3683 303 3748 iopme
312 3693 359 3730 tem
371 3683 465 3740 minute,
476 3689 559 3730 ennete
571 3680 699 3730 instructoe
708 3692 829 3745 epperetn,
839 3684 915 3733 stetim
926 3685 1001 3731 textni
1012 3686 1137 3742 snhstreto,
1147 3686 1211 3733 soles
1221 3691 1276 3732 noto
1285 3683 1316 3730 sel

230 3763 311 3808 deoem
326 3761 442 3807 volumine
456 3758 585 3821 implesset.
619 3759 686 3807 Alios
703 3761 778 3808 teneri
791 3762 872 3810 modus
890 3761 914 3809 in
929 3762 1058 3812 emtoribus
1074 3763 1199 3810 minoribns
1216 3765 1316 3830 potent.

232 3853 329 3899 qnorum
339 3845 403 3884 esset
413 3836 458 3883 elie
471 3835 566 3883 dicendi
577 3835 644 3892 retio,
654 3837 773 3899 minorque
784 3839 813 3884 ed
829 3854 869 3886 eos
879 3846 1045 3896 ennotetoenm‚
1055 3846 1080 3887 et
1096 3855 1159 3902 seepe
1173 3828 1241 3899 plene
1255 3837 1317 3887 nulle

231 3913 306 3975 copim
340 3915 465 3971 Paterno,
478 3929 531 3962 eum
549 3914 716 3961 Demosthenes
730 3921 754 3961 et
768 3914 868 3963 minores
883 3916 1060 3974 exemerentur,
1073 3918 1192 3978 eperehsm
1206 3913 1316 3972 toturn,

231 3997 258 4037 nt
266 3990 294 4037 ed
306 4005 358 4038 eum
370 3991 496 4036 ornendnm
506 4003 581 4046 norm,
593 3989 653 4037 node
665 3991 734 4048 unde,
744 3992 818 4052 oopiee
827 3991 968 4047 selsenirent,
977 3992 1080 4054 mihique
1090 3991 1134 4038 otii
1141 3996 1205 4038 tento
1214 3989 1267 4052 pins
1276 4005 1317 4038 sn·

231 4065 375 4127 perintorum
391 4081 442 4112 rnee
453 4065 633 4114 Demostheniee
643 4065 778 4128 expoliendi
790 4073 813 4114 et
823 4067 997 4130 loonpletendi3
1012 4067 1074 4129 qnod
1083 4068 1154 4115 otium
1166 4065 1221 4115 mihi
1233 4074 1317 4130 preter

233 4156 297 4202 spem
307 4146 414 4203 nepotum
425 4141 476 4190 init.
496 4141 572 4189 citios
581 4157 646 4204 ergo,
656 4157 724 4203 quem
734 4157 802 4199 nnno,
811 4142 856 4190 hno
864 4144 979 4204 perveniri
987 4159 1032 4191 non
1042 4144 1175 4206 poteret,e‹l
1185 4143 1317 4191 tsenleese·

232 4215 290 4279 pnte
300 4232 351 4264 rnee
362 4219 544 4265 Demosthenice
554 4217 577 4265 in
588 4218 705 4280 poblicum
714 4218 853 4280 proterendi.
870 4218 929 4278 Qnee
939 4218 1017 4282 quenti
1026 4218 1072 4266 sint
1082 4217 1196 4277 finiende,
1206 4221 1318 4281 onjnsqm

233 4299 269 4341 est
278 4293 423 4352 existimere,
434 4310 502 4355 quem
513 4295 543 4341 iis
554 4293 589 4341 eti
600 4295 628 4340 ed
642 4293 765 4342 lectionem
775 4297 843 4343 Dem.
850 4294 949 4357 jnr'ehit.
967 4294 1042 4354 Quem
1049 4293 1105 4342 mihi
1115 4296 1195 4350 orode,
1204 4293 1317 4355 impolite.

232 4369 353 4418 illeborete
367 4371 414 4434 ipsi
425 4371 556 4427 rideentnr,
570 4371 593 4417 in
609 4370 742 4431 prmietione
754 4372 784 4417 ed
798 4371 896 4432 primum
907 4370 1014 4419 volumen
1029 4370 1098 4433 hejns
1108 4376 1232 4434 epperetns
1242 4367 1319 4418 oritid

232 4447 280 4506 iem
291 4452 429 4508 oonqnestne
438 4460 502 4494 snm:
515 4462 560 4508 qno
570 4445 662 4495 enoedit
670 4444 694 4492 in
702 4445 818 4493 onmnlnm
825 4447 936 4495 melornm
947 4446 992 4494 hoo
1003 4445 1085 4510 ingens
1092 4446 1186 4502 melem,
1196 4445 1320 4508 quomens

235 4526 338 4584 tempore
349 4521 506 4572 ennotetiones
519 4537 575 4571 rnen
588 4521 645 4571 mihi
657 4538 671 4570 e
685 4521 786 4570 vetustis
800 4521 893 4572 sehedis
910 4523 1080 4586 expromeret,
1090 4520 1245 4580 mentiendo,
1259 4519 1320 4569 inter
